@inproceedings{KingmaB14,
  author    = {Diederik P. Kingma and
               Jimmy Ba},
  title     = {Adam: {A} Method for Stochastic Optimization},
  booktitle = {3rd International Conference on Learning Representations, {ICLR} 2015,
               San Diego, CA, USA, May 7-9, 2015, Conference Track Proceedings},
  year      = {2015},
   url       = {http://arxiv.org/abs/1412.6980},
  timestamp = {Fri, 29 Mar 2019 00:00:00 +0100},
  biburl    = {https://dblp.org/rec/bib/journals/corr/KingmaB14},
}

@misc{Rachit2017,
	author = "{Rachit Singh}",
	title = {{}},
	howpublished = {\url{https://rachitsingh.com/elbo_surgery/}},
	note = {Online; accessed 29 January 2014} ,
	year=2017,
}

@article{DBLP:journals/corr/abs-1803-05567,
  author    = {Hany Hassan and
               Anthony Aue and
               Chang Chen and
               Vishal Chowdhary and
               Jonathan Clark and
               Christian Federmann and
               Xuedong Huang and
               Marcin Junczys{-}Dowmunt and
               William Lewis and
               Mu Li and
               Shujie Liu and
               Tie{-}Yan Liu and
               Renqian Luo and
               Arul Menezes and
               Tao Qin and
               Frank Seide and
               Xu Tan and
               Fei Tian and
               Lijun Wu and
               Shuangzhi Wu and
               Yingce Xia and
               Dongdong Zhang and
               Zhirui Zhang and
               Ming Zhou},
  title     = {Achieving Human Parity on Automatic Chinese to English News Translation},
  journal   = {CoRR},
  volume    = {abs/1803.05567},
  year      = {2018}
}